<?xml version="1.0" encoding="UTF-8" ?>
<record Numero="13917349" format="InterXMarc_Complet" type="Authority">
<leader>00912c0 au22000272  45  <Pos Code="0004">00912</Pos>
<Pos Code="05" Sens="notice modifiée">c</Pos>
<Pos Code="06" Sens="notice validée par les services d&apos;autorité">0</Pos>
<Pos Code="08" Sens="notice d&apos;autorité">a</Pos>
<Pos Code="09" Sens="titre uniforme musical (TUM)">u</Pos>
<Pos Code="10">2</Pos>
<Pos Code="11">2</Pos>
<Pos Code="1216">00027</Pos>
<Pos Code="17" Sens="autres cas">2</Pos>
<Pos Code="20">4</Pos>
<Pos Code="21">5</Pos>
</leader>
<controlfield tag="001">FRBNF139173494<Pos Code="0001">FR</Pos>
<Pos Code="0204">BNF</Pos>
<Pos Code="0512">13917349</Pos>
<Pos Code="13">4</Pos>
</controlfield>
<controlfield tag="008">890821120821yy    co        1725    ?                        1   <Pos Code="0001">89</Pos>
<Pos Code="0203">08</Pos>
<Pos Code="0405">21</Pos>
<Pos Code="0607">12</Pos>
<Pos Code="0809">08</Pos>
<Pos Code="1011">21</Pos>
<Pos Code="1213" Sens="ne s&apos;applique pas">yy</Pos>
<Pos Code="1820">co </Pos>
<Pos Code="2831">1725</Pos>
<Pos Code="36" Sens="Date incertaine">?</Pos>
<Pos Code="61" Sens="La vedette peut être liée à une notice bibliographique sauf pour l&apos;accès matière RAMEAU">1</Pos>
</controlfield>
<datafield tag="048" ind1=" " ind2=" ">
	<subfield code="a">sa01<Pos Code="0001" Sens="cordes frottées - violon">sa</Pos>
<Pos Code="02">0</Pos>
<Pos Code="03">1</Pos>
</subfield>
	<subfield code="a">oc01<Pos Code="0001" Sens="orchestre - orchestre à cordes 4 parties">oc</Pos>
<Pos Code="02">0</Pos>
<Pos Code="03">1</Pos>
</subfield>
	<subfield code="a">zb01<Pos Code="0001" Sens="basse continue - instruments non spécifiés">zb</Pos>
<Pos Code="02">0</Pos>
<Pos Code="03">1</Pos>
</subfield>
</datafield>
<datafield tag="100" ind1=" " ind2=" ">
	<subfield code="3">13900896</subfield>
	<subfield code="w"> 0  b     </subfield>
	<subfield code="a">Vivaldi</subfield>
	<subfield code="m">Antonio</subfield>
	<subfield code="d">1678-1741</subfield>
</datafield>
<datafield tag="144" ind1="1" ind2=" ">
	<subfield code="w">....b.....</subfield>
	<subfield code="a">Concertos</subfield>
	<subfield code="b">Violon, orchestre à cordes, basse continue</subfield>
	<subfield code="k">RV 269</subfield>
	<subfield code="t">Mi majeur</subfield>
</datafield>
<datafield tag="301" ind1=" " ind2=" ">
	<subfield code="3">16542401</subfield>
	<subfield code="a">Rousseau</subfield>
	<subfield code="m">Jean-Jacques</subfield>
	<subfield code="d">1712-1778</subfield>
	<subfield code="t" Barre="4">[Le printemps di Vivaldi]</subfield>
</datafield>
<datafield tag="444" ind1="1" ind2=" ">
	<subfield code="w">....b.....</subfield>
	<subfield code="a">Concertos</subfield>
	<subfield code="b">Violon, orchestre à cordes, basse continue</subfield>
	<subfield code="k">R 269</subfield>
	<subfield code="t">Mi majeur</subfield>
</datafield>
<datafield tag="444" ind1="1" ind2=" ">
	<subfield code="w">....b.....</subfield>
	<subfield code="a" Barre="3">La primavera</subfield>
	<subfield code="k">RV 269</subfield>
</datafield>
<datafield tag="444" ind1="1" ind2=" ">
	<subfield code="w">....b.....</subfield>
	<subfield code="a" Barre="3">Le printemps</subfield>
	<subfield code="k">RV 269</subfield>
</datafield>
<datafield tag="444" ind1="1" ind2=" ">
	<subfield code="w">....b.....</subfield>
	<subfield code="a" Barre="3">La primavera</subfield>
	<subfield code="k">R 269</subfield>
</datafield>
<datafield tag="444" ind1="1" ind2=" ">
	<subfield code="w">....b.....</subfield>
	<subfield code="a" Barre="3">Le printemps</subfield>
	<subfield code="k">R 269</subfield>
</datafield>
<datafield tag="444" ind1="1" ind2=" ">
	<subfield code="w">....b.....</subfield>
	<subfield code="a">Concertos</subfield>
	<subfield code="b">Violon, orchestre à cordes, basse continue</subfield>
	<subfield code="p">Op. 8, no 1</subfield>
	<subfield code="t">Mi majeur</subfield>
</datafield>
<datafield tag="502" ind1=" " ind2=" ">
	<subfield code="3">13917372</subfield>
	<subfield code="a">Vivaldi</subfield>
	<subfield code="m">Antonio</subfield>
	<subfield code="d">1678-1741</subfield>
	<subfield code="t" Barre="4">[Le quattro stagioni. Op. 8, no 1-4]</subfield>
</datafield>
<datafield tag="600" ind1=" " ind2=" ">
	<subfield code="a">Éd. : 1725</subfield>
</datafield>
<datafield tag="610" ind1=" " ind2=" ">
	<subfield code="a">Ryom</subfield>
</datafield>
<datafield tag="917" ind1=" " ind2=" ">
	<subfield code="o">OPC</subfield>
	<subfield code="a">100470290</subfield>
</datafield>
<datafield tag="917" ind1=" " ind2=" ">
	<subfield code="o">OPD</subfield>
	<subfield code="a">100067970</subfield>
	<subfield code="b">ATUM</subfield>
</datafield>
<datafield tag="996" ind1=" " ind2=" ">
	<subfield code="o">OPP</subfield>
	<subfield code="a">13872370</subfield>
	<subfield code="d">20110802</subfield>
</datafield>
<Attr Nom="IDPerenne">ark:/12148/cb139173496</Attr>
<Attr Nom="NumSource">OPC 100470290</Attr>
<Attr Nom="Source" Sens="BnF catalogue général (depuis 1999)">A</Attr>
<Attr Nom="NumAutoriteLiee">139008961654240113917372</Attr>
<Attr Nom="DateCreation">21/08/ 1989</Attr>
<Attr Nom="ResponsableCreation">MIGV2</Attr>
<Attr Nom="StructCreation">1</Attr>
<Attr Nom="DateDerniereValidation">21/08/ 2012</Attr>
<Attr Nom="ResponsableDerniereValidation">TULASNE OLIVIER</Attr>
<Attr Nom="StructPremiereValidation">1</Attr>
<Attr Nom="DatePremiereValidation">21/08/ 1989</Attr>
<Attr Nom="ResponsablePremiereValidation">MIGV2</Attr>
<Attr Nom="StructDerniereValidation">72</Attr>
<Attr Nom="NumSource" Rep="1">OPD 100067970</Attr>
<Attr Nom="NumSource" Rep="2">OPP 13872370</Attr>
</record>
